@misc{glisc,
	author={{Grey Literature International Steering Committee}},
	title={{GLISC}},
	month={oct},
	year={2014},
	note = "[Online; acedido em Outubro 2014]"
}

@misc{tubowilliams,
  title = {Funcionamento de um tubo de Williams},
  howpublished = {\url{http://www.novomilenio.inf.br/ano97/cpmcom05.htm
}},
  note = {Acedido a: 2017-11-14}
}

@misc{diodo,
  title = {Como funciona um Díodo},
  howpublished = {\url{https://www.electronica-pt.com/diodo}},
  note = {Acedido a: 2017-11-14}
}

@misc{historia,
  title = {História do armazenamento Digital},
  howpublished = {\url{https://pplware.sapo.pt/internet/a-historia-do-armazenamento-digital/}},
  note = {Acedido a: 2017-11-14}
}

@misc{evolução,
  title = {Evolução do armazenamento de dados},
  howpublished = {\url{https://www.infoescola.com/informatica/evolucao-dos-dispositivos-de-armazenamento-de-dados/}},
  note = {Acedido a: 2017-11-14}
}

@misc{comandosgit,
  title = {Comandos Git Básicos utilizados na realização deste relatório},
  howpublished = {\url{https://confluence.atlassian.com/bitbucketserver/basic-git-commands-776639767.html}},
  note = {Acedido a: 2017-11-14}
}

@misc{CartãoPerfurado,
  title = {História do Cartão Perfurado},
  howpublished = {\url{http://dboanarede.blogspot.pt/2014/08/historias-dos-cartoes-perfurados.html}},
  note = {Acedido a: 2017-11-15}
}

@misc{tubowilliams2,
  title = {Mais conteúdo sobre o Tube de Williams},
  howpublished = {\url{https://en.wikipedia.org/wiki/Williams_tube}},
  note = {Acedido a: 2017-11-15}
}

@misc{tubowilliams3,
  title = {Mais conteúdo sobre o Tube de Williams},
  howpublished = {\url{http://www.computerhistory.org/revolution/memory-storage/8/308
}},
  note = {Acedido a: 2017-11-15}
}

@misc{uniservo,
  title = {Conteúdo sobre o UNISERVO},
  howpublished = {\url{https://en.wikipedia.org/wiki/UNISERVO
}},
  note = {Acedido a: 2017-11-15}
}

@misc{cassete,
  title = {Conteúdo sobre as Cassetes},
  howpublished = {\url{https://pt.wikipedia.org/wiki/Fita_cassete
}},
  note = {Acedido a: 2017-11-15}
}

@misc{cassetek7,
  title = {Funcionamento da Cassete K7},
  howpublished = {\url{http://www.dgabc.com.br/Noticia/829187/como-funciona-a-fita-k7}},
  note = {Acedido a: 2017-11-15}
}

@misc{IBM3380,
  title = {Conteúdo da IBM 3380},
  howpublished = {\url{https://en.wikipedia.org/wiki/History_of_IBM_magnetic_disk_drives#IBM_3380}},
  note = {Acedido a: 2017-11-16}
}

@misc{IBM3380-2,
  title = {Conteúdo do IBM3380},
  howpublished = {\url{v}},
  note = {Acedido a: 2017-11-16}
}

@misc{ST-506,
  title = {Conteúdo sobre ST-560},
  howpublished = {\url{https://pt.wikipedia.org/wiki/ST-506}},
  note = {Acedido a: 2017-11-16}
}

@misc{CD-R,
  title = {Funcionamento do CD-R},
  howpublished = {\url{https://electronics.howstuffworks.com/question287.htm}},
  note = {Acedido a: 2017-11-17}
}

@misc{harddrive,
  title = {Conteúdo sobre o disco rígido},
  howpublished = {\url{http://www.explainthatstuff.com/harddrive.html}},
  note = {Acedido a: 2017-11-17}
}

@misc{harddrive2,
  title = {Conteúdo sobre o disco rígido},
  howpublished = {\url{https://computer.howstuffworks.com/hard-disk1.htm}},
  note = {Acedido a: 2017-11-17}
}

@misc{harddrive3,
  title = {Funcionamento do disco rígido},
  howpublished = {\url{http://www.makeuseof.com/tag/technology-explained-how-does-a-hard-drive-work-nb/}},
  note = {Acedido a: 2017-11-17}
}

@misc{SDCard,
  title = {História sobre Cartão SD},
  howpublished = {\url{http://pcworld.com.br/dicas/2014/01/29/tudo-o-que-voce-precisa-saber-sobre-cartoes-sd/}},
  note = {Acedido a: 2017-11-17}
}

@misc{SDCard2,
  title = {Como funcioa a memória flash},
  howpublished = {\url{https://computer.howstuffworks.com/secure-digital-memory-cards.htm}},
  note = {Acedido a: 2017-11-17}
}

@misc{SSD,
  title = {Conteúdo sobre o SSD},
  howpublished = {\url{http://www.techtudo.com.br/artigos/noticia/2011/06/qual-diferenca-entre-hd-e-ssd.html}},
  note = {Acedido a: 2017-11-17}
}

@misc{memRAM,
  title = {Explicação da memória RAM},
  howpublished = {\url{http://www.techtudo.com.br/artigos/noticia/2012/02/o-que-e-memoria-ram-e-qual-sua-funcao.html}},
  note = {Acedido a: 2017-11-17}
}

@misc{ZIP,
  title = {Conteúdo sobre a ZIP Drive},
  howpublished = {\url{https://pt.wikipedia.org/wiki/Zip_drive}},
  note = {Acedido a: 2017-11-17}
}
